@misc{EducationPaysBureau,
  abstract   = {Unemployment rates and earnings by educational attainment},
  file       = {Snapshot:/Users/wyy/Zotero/storage/YXZBIX64/unemployment-earnings-education.html:text/html},
  language   = {en},
  note       = {\url{https://www.bls.gov/emp/tables/unemployment-earnings-education.htm}},
  shorttitle = {Education pays},
  title      = {Education pays : {U}.{S}. {Bureau} of {Labor} {Statistics}},
  url        = {https://www.bls.gov/emp/tables/unemployment-earnings-education.htm},
  urldate    = {2023-11-26}
}