
@ieeetranbstctl{BSTcontrol,
  ctldash_repeated_names   = {no},
  ctlmax_names_forced_etal = {1},
  ctlnames_show_etal       = {1},
  ctluse_forced_etal       = {no},
  ctluse_url               = {no}
}

@article{jamesProcessVariationAwareCompact2023,
  author    = {James, Aneek and Rizzo, Anthony and Wang, Yuyang and Novick, Asher and Wang, Songli and Parsons, Robert and Jang, Kaylx and Hattink, Maarten and Bergman, Keren},
  copyright = {All rights reserved},
  doi       = {10.1109/JLT.2023.3238847},
  file      = {James et al_2023_Process Variation-Aware Compact Model of Strip Waveguides for Photonic Circuit.pdf:/Users/wyy/Library/CloudStorage/GoogleDrive-yw3831@columbia.edu/My Drive/Zotero/James et al_2023_Process Variation-Aware Compact Model of Strip Waveguides for Photonic Circuit.pdf:application/pdf},
  issn      = {0733-8724, 1558-2213},
  journal   = {Journal of Lightwave Technology},
  pages     = {1--14},
  title     = {Process {Variation}-{Aware} {Compact} {Model} of {Strip} {Waveguides} for {Photonic} {Circuit} {Simulation}},
  url       = {https://ieeexplore.ieee.org/document/10024277/},
  urldate   = {2023-07-05},
  year      = {2023}
}

@inproceedings{wangTrafficAdaptivePowerReconfiguration2021,
  address   = {Munich, Germany},
  author    = {Wang, Yuyang and Cheng, Kwang-Ting},
  booktitle = {2021 {IEEE}/{ACM} {International} {Conference} {On} {Computer} {Aided} {Design} ({ICCAD})},
  copyright = {All rights reserved},
  doi       = {10.1109/ICCAD51958.2021.9643475},
  file      = {Wang_Cheng_2021_Traffic-Adaptive Power Reconfiguration for Energy-Efficient and.pdf:/Users/wyy/Library/CloudStorage/GoogleDrive-yw3831@columbia.edu/My Drive/Zotero/Wang_Cheng_2021_Traffic-Adaptive Power Reconfiguration for Energy-Efficient and.pdf:application/pdf},
  isbn      = {978-1-66544-507-8},
  keywords  = {Power lasers, Design automation, Measurement, Optical interconnections, Power system management, Production, Runtime},
  month     = nov,
  pages     = {1--9},
  publisher = {IEEE},
  title     = {Traffic-{Adaptive} {Power} {Reconfiguration} for {Energy}-{Efficient} and {Energy}-{Proportional} {Optical} {Interconnects}},
  url       = {https://ieeexplore.ieee.org/document/9643475/},
  urldate   = {2022-12-28},
  year      = {2021}
}



@inproceedings{wangTaskMappingAssistedLaser2019,
  address   = {Westminster, CO, USA},
  author    = {Wang, Yuyang and Cheng, Kwang-Ting},
  booktitle = {2019 {IEEE}/{ACM} {International} {Conference} on {Computer}-{Aided} {Design} ({ICCAD})},
  copyright = {All rights reserved},
  doi       = {10.1109/ICCAD45719.2019.8942146},
  file      = {Wang_Cheng_2019_Task Mapping-Assisted Laser Power Scaling for Optical Network-on-Chips.pdf:/Users/wyy/Library/CloudStorage/GoogleDrive-yw3831@columbia.edu/My Drive/Zotero/Wang_Cheng_2019_Task Mapping-Assisted Laser Power Scaling for Optical Network-on-Chips.pdf:application/pdf},
  isbn      = {978-1-72812-350-9},
  keywords  = {Laser modes, Power lasers, Optical switches, Delays, Energy consumption, Laser applications, Task analysis},
  month     = nov,
  pages     = {1--6},
  publisher = {IEEE},
  title     = {Task {Mapping}-{Assisted} {Laser} {Power} {Scaling} for {Optical} {Network}-on-{Chips}},
  url       = {https://ieeexplore.ieee.org/document/8942146/},
  urldate   = {2022-12-28},
  year      = {2019}
}

@inproceedings{wangCharacterizationApplicationsSpatial2020,
  author    = {Wang, Yuyang and Hulme, Jared and Sun, Peng and Jain, Mudit and Seyedi, M. Ashkan and Fiorentino, Marco and Beausoleil, Raymond G. and Cheng, Kwang-Ting},
  booktitle = {2020 57th {ACM}/{IEEE} {Design} {Automation} {Conference} ({DAC})},
  month     = jul,
  pages     = {1--6},
  publisher = {IEEE},
  title     = {Characterization and {Applications} of {Spatial} {Variation} {Models} for {Silicon} {Microring}-{Based} {Optical} {Transceivers}},
  year      = {2020}
}

@inproceedings{wangScalableArchitectureSubpJ2023,
  author    = {Wang, Yuyang and Novick, Asher and Parsons, Robert and Wang, Songli and Jang, Kaylx and James, Aneek and Hattink, Maarten and Gopal, Vignesh and Rizzo, Anthony and Chiu, Chia-Pin and Hosseini, Kaveh and Hoang, Tim Tri and Bergman, Keren},
  booktitle = {Next-{Generation} {Optical} {Communication}: {Components}, {Sub}-{Systems}, and {Systems} {XII}},
  editor    = {Li, Guifang and Nakajima, Kazuhide and Srivastava, Atul K.},
  month     = mar,
  pages     = {55},
  publisher = {SPIE},
  title     = {Scalable architecture for sub-{pJ}/b multi-{Tbps} comb-driven {DWDM} silicon photonic transceiver},
  year      = {2023}
}

@article{wangEnergyEfficiencyYield2021,
  author  = {Wang, Yuyang and Sun, Peng and Hulme, Jared and Seyedi, M. Ashkan and Fiorentino, Marco and Beausoleil, Raymond G. and Cheng, Kwang-Ting},
  journal = {Journal of Lightwave Technology},
  month   = mar,
  number  = {6},
  pages   = {1567--1578},
  title   = {Energy {Efficiency} and {Yield} {Optimization} for {Optical} {Interconnects} via {Transceiver} {Grouping}},
  volume  = {39},
  year    = {2021}
}

@inproceedings{wangDispersionEngineeredFabricationRobustSOI2023,
  author    = {Wang, Yuyang and Wang, Songli and Novick, Asher and James, Aneek and Parsons, Robert and Rizzo, Anthony and Bergman, Keren},
  booktitle = {Optical {Fiber} {Communication} {Conference} ({OFC}) 2023},
  pages     = {Th3A.4},
  publisher = {Optica Publishing Group},
  title     = {Dispersion-{Engineered} and {Fabrication}-{Robust} {SOI} {Waveguides} for {Ultra}-{Broadband} {DWDM}},
  year      = {2023}
}

@inproceedings{wangCICC2024,
  author    = {Wang, Yuyang and Wang, Songli and Parsons, Robert and Novick, Asher and Gopal, Vignesh and Jang, Kaylx and Rizzo, Anthony and Chiu, Chia-Pin and Hosseini, Kaveh and Hoang, Tim Tri and Shumarayev, Sergey and Bergman, Keren},
  booktitle = {2024 IEEE Custom Integrated Circuits Conference (CICC)},
  note      = {under review},
  publisher = {IEEE},
  title     = {Silicon Photonics Chip {I/O} for Ultra High-Bandwidth and Energy-Efficient Die-to-Die Connectivity},
  year      = {2024}
}
@inproceedings{wuCompactModelingCircuitlevel2017,
  address   = {Lausanne, Switzerland},
  author    = {Wu, Rui and Wang, Yuyang and Zhang, Zeyu and Zhang, Chong and Schow, Clint L. and Bowers, John E. and Cheng, Kwang-Ting},
  booktitle = {Design, {Automation} \& {Test} in {Europe} {Conference} \& {Exhibition} ({DATE}), 2017},
  copyright = {All rights reserved},
  doi       = {10.23919/DATE.2017.7927057},
  file      = {Wu et al_2017_Compact modeling and circuit-level simulation of silicon nanophotonic.pdf:/Users/wyy/Library/CloudStorage/GoogleDrive-yw3831@columbia.edu/My Drive/Zotero/Wu et al_2017_Compact modeling and circuit-level simulation of silicon nanophotonic.pdf:application/pdf},
  isbn      = {978-3-9815370-8-6},
  keywords  = {silicon, circuit-level simulation, circuit-level simulations, compact modeling, datacom regime, design space exploration, design validation, electrooptical cosimulation, full optical links, hardware description languages, integrated circuit interconnections, Integrated circuit modeling, integrated optoelectronics, key photonic devices, nanophotonics, network-on-chip, ONoC, Optical fiber communication, Optical imaging, Optical modulation, optical network-on-chip, Optical transmitters, Optical variables measurement, optimization, Photonics, silicon nanophotonic interconnects, SPICE-compatible Verilog-A},
  month     = mar,
  pages     = {602--605},
  publisher = {IEEE},
  title     = {Compact modeling and circuit-level simulation of silicon nanophotonic interconnects},
  url       = {http://ieeexplore.ieee.org/document/7927057/},
  urldate   = {2022-12-28},
  year      = {2017}
}

@article{brianJOCN,
  author  = {Wu, Zhenguo and Dai, Liang Yuan and Wang, Yuyang and Wang, Songli and Bergman, Keren},
  journal = {Journal of Optical Communications and Networking},
  note    = {to appear},
  title   = {Flexible Silicon Photonic Architecture for Accelerating Distributed Deep Learning},
  year    = {2023}
}


@article{zhangCompactModelingSilicon2017,
  author    = {Zhang, Zeyu and Wu, Rui and Wang, Yuyang and Zhang, Chong and Stanton, Eric J. and Schow, Clint L. and Cheng, Kwang-Ting and Bowers, John E.},
  copyright = {All rights reserved},
  doi       = {10.1109/JLT.2017.2706721},
  file      = {Zhang et al_2017_Compact Modeling for Silicon Photonic Heterogeneously Integrated Circuits.pdf:/Users/wyy/Library/CloudStorage/GoogleDrive-yw3831@columbia.edu/My Drive/Zotero/Zhang et al_2017_Compact Modeling for Silicon Photonic Heterogeneously Integrated Circuits.pdf:application/pdf},
  issn      = {0733-8724, 1558-2213},
  journal   = {Journal of Lightwave Technology},
  keywords  = {Electronics, Silicon, Laser sources, Arrayed waveguide gratings, Diode lasers, Distributed feedback lasers, Optical signals, Vertical cavity surface emitting lasers},
  month     = jul,
  number    = {14},
  pages     = {2973--2980},
  title     = {Compact {Modeling} for {Silicon} {Photonic} {Heterogeneously} {Integrated} {Circuits}},
  url       = {http://ieeexplore.ieee.org/document/7932056/},
  urldate   = {2022-12-28},
  volume    = {35},
  year      = {2017}
}